4028 6202
874 621 1057 686 Mastarna.
1627 625 1669 690 99

271 819 334 866 nno
365 799 452 884 degli
476 799 641 864 assalitori
673 803 691 864 6
722 800 868 865 tunicato
900 820 918 865 6
950 800 995 883 gli
1021 799 1097 864 altri
1123 818 1172 864 no.
1218 800 1320 866 Molto
1344 820 1436 867 meno
1461 803 1513 883 poi
1536 803 1564 867 si
1587 806 1669 870 deve

270 909 342 974 iare
372 912 621 989 assegnamento
652 906 702 971 sul
725 906 812 972 tatto
844 907 937 972 chei
969 908 1032 973 166
1054 907 1297 988 rappresentati
1327 908 1402 973 nell'
1426 909 1542 975 ultima
1572 930 1669 976 scena

270 1016 378 1080 hanno
402 1013 547 1096 prenomi
569 1013 703 1079 romani.
750 1013 788 1078 In
812 1014 915 1096 primo
938 1015 1034 1097 luogo
1058 1015 1169 1079 Marco
1202 1017 1220 1079 6
1244 1033 1395 1094 prenome
1420 1020 1513 1081 tanto
1536 1035 1668 1083 romano

270 1125 393 1202 quanto
425 1125 553 1186 etrusco
586 1119 900 1206 (Marma-Dareus,
928 1117 992 1206 Die
1022 1117 1192 1204 1666166,
1224 1119 1370 1205 11467).
1424 1123 1484 1187 Poi
1516 1143 1669 1204 prenome

270 1247 402 1294 romano
425 1266 470 1275 —
493 1227 601 1311 voglio
632 1227 703 1293 1166
734 1245 885 1310 prenome
917 1231 1010 1293 usato
1044 1227 1147 1292 anche
1169 1228 1204 1292 in
1226 1228 1331 1293 Roma
1353 1266 1398 1275 -
1421 1230 1464 1295 ha
1487 1249 1568 1312 pure
1594 1231 1669 1295 Avla

274 1334 410 1418 17661666.

360 1441 411 1505 Eo
442 1438 648 1522 egualmente
679 1437 786 1503 deboli
817 1438 860 1503 mi
891 1439 1062 1503 sembrano
1093 1438 1124 1503 le
1156 1438 1374 1504 osservazioni
1402 1440 1454 1505 del
1478 1440 1612 1508 Monam
1633 1441 1667 1506 in

270 1546 382 1611 ordine
405 1545 472 1611 alla
496 1545 674 1627 equazione
697 1541 797 1607 06666
825 1541 948 1606 Tarcho
970 1542 1112 1607 Ramoch
1136 1574 1176 1597 =
1201 1543 1257 1610 066.
1282 1545 1475 1631 sl‘arqm‘m'us
1497 1544 1667 1614 Romanoa

270 1654 413 1719 Secondo
436 1651 482 1717 lui
514 1671 577 1718 non
602 1654 620 1717 6
643 1651 885 1733 propriamente
913 1651 1018 1717 siouro
1042 1650 1668 1720 616616166166666661666611661661

270 1760 303 1825 in
327 1766 454 1825 etrusco
477 1758 523 1841 gli
548 1759 656 1824 etnici.
702 1759 798 1825 Certo
822 1777 886 1823 non
911 1760 929 1824 6
952 1759 1207 1825 assolutamente
1230 1759 1352 1840 sicuro;
1375 1778 1429 1825 ma
1451 1761 1510 1826 che
1526 1759 1668 1824 Ramaclr

270 1868 325 1947 qui
348 1865 509 1949 significhi
534 1864 695 1929 11666666
726 1869 743 1931 6
767 1885 838 1931 reso
862 1865 949 1931 assai
973 1865 1159 1949 probabile,
1191 1885 1249 1947 per
1272 1885 1336 1931 non
1369 1866 1419 1931 dir
1442 1872 1548 1950 66616,
1580 1866 1667 1933 16116

269 1973 469 2040 circostanze
492 1971 731 2038 concomitanti.
776 1972 806 2037 E
830 1991 894 2037 non
918 1974 936 2036 6
966 1991 1110 2054 6666666
1134 1992 1192 2053 666
1222 1975 1257 2037 66
1280 1972 1534 2039 assolutamente
1561 1974 1667 2039 sicuro

269 2082 329 2146 ohe
357 2079 481 2144 Tarcho
503 2079 615 2162 voglio
638 2079 708 2144 dire
735 2078 915 2162 Torquate,
939 2098 957 2144 e
980 2098 1015 2144 66
1037 2080 1071 2144 16
1094 2081 1208 2161 666616
1231 2079 1259 2144 si
1282 2079 1368 2145 fosse
1391 2083 1526 2147 trovato
1548 2080 1668 2146 isolata

268 2207 332 2253 non
364 2186 473 2254 666661
503 2186 697 2252 sostenerlo:
737 2204 790 2251 ma
820 2186 923 2251 anche
954 2187 1009 2267 qui
1040 2186 1176 2268 bisogna
1209 2191 1302 2251 tener
1325 2192 1419 2251 conto
1451 2188 1535 2253 delle
1568 2188 1666 2253 61666-

268 2299 383 2360 stanze
406 2293 646 2359 concomitanti.
689 2294 719 2358 ll
735 2292 765 2358 lo
782 2299 884 2358 stesso
901 2293 975 2359 vale
999 2295 1102 2359 anche
1119 2293 1173 2375 pii1
1198 2311 1255 2374 per
1278 2293 1389 2359 l’altra
1411 2294 1599 2359 obbiezione
1614 2294 1666 2359 161

268 2403 404 2470 Monam
427 2401 487 2466 che
510 2401 520 2465 i
544 2400 629 2466 nomi
654 2401 848 2481 potrebbero
872 2419 960 2466 esser
983 2401 1078 2466 messi
1101 2421 1123 2465 a
1146 2419 1220 2466 caso
1244 2400 1321 2466 dall’
1345 2401 1473 2466 artista
1519 2398 1583 2482 Qui
1603 2418 1667 2465 non

269 2509 296 2573 si
320 2508 483 2574 16611611
507 2508 592 2573 nomi
616 2507 709 2573 scelti
733 2526 753 2572 a
776 2526 867 2590 caso,
899 2527 952 2572 ma
975 2508 1050 2572 166
1078 2508 1253 2590 6666616666
1277 2507 1310 2573 di
1333 2507 1529 2591 personaggi
1552 2507 1611 2572 che
1634 2508 1667 2573 la

269 2614 450 2680 traditione
465 2619 567 2680 mette
591 2614 624 2679 in
639 2619 795 2696 66666616
820 2614 867 2696 gli
890 2615 946 2679 uni
962 2633 1020 2679 con
1044 2615 1090 2697 gli
1107 2614 1194 2680 altri.
1239 2615 1288 2680 Ne
1303 2615 1331 2679 61
1354 2615 1427 2680 dica
1451 2616 1510 2681 che
1525 2615 1667 2680 l’artista

269 2722 313 2787 ha
336 2721 436 2787 666116
461 2741 481 2786 6
504 2740 578 2786 caso
602 2721 613 2785 i
636 2721 722 2786 nomi
750 2723 859 2787 daun
883 2721 962 2787 ciclo
986 2721 1019 2787 di
1051 2721 1209 2804 leggende
1233 2722 1292 2786 che
1314 2721 1361 2805 gli
1392 2741 1450 2787 666
1473 2721 1667 2807 iamigliare,

270 2829 387 2911 perche
410 2828 422 2893 i
445 2829 530 2893 nomi
546 2847 609 2894 non
633 2847 709 2894 sono
726 2828 876 2895 collocati
900 2848 920 2894 a
943 2848 1026 2894 caso.
1073 2829 1169 2895 Caele
1185 2829 1336 2894 Vibenna
1358 2828 1386 2894 61
1410 2834 1507 2894 16666
1530 2834 1666 2894 66666616

270 2935 302 3001 61
326 2955 383 3001 666
404 2933 606 3016 1161661666
631 2933 766 3019 accolo,
798 2934 976 3000 Mastama.
1022 2936 1052 3000 E
1082 2955 1117 3001 se
1140 2935 1151 3000 i
1183 2937 1246 3001 166
1276 2935 1401 3001 fratelli
1426 2935 1576 3001 Vibenna
1603 2954 1666 3002 non

270 3041 509 3124 comparisoono
542 3043 675 3108 insieme
705 3047 760 3108 tra
790 3041 837 3126 gli
860 3042 1034 3126 assalitori‚
1058 3043 1092 3108 la
1114 3043 1249 3125 ragione
1273 3048 1326 3109 616
1349 3042 1610 3109 evidentemonte
1632 3041 1665 3106 in

270 3149 319 3215 616
350 3150 409 3215 che
440 3168 503 3215 uno
535 3152 553 3215 6
585 3149 781 3232 prigioniero
813 3169 831 3216 6
855 3149 949 3216 viene
981 3149 1121 3216 liberato
1149 3150 1193 3216 da
1217 3149 1382 3213 Mactama
1405 3148 1501 3214 6161
1524 3147 1665 3214 fratello.

270 3259 431 3323 Insomma
454 3256 629 3325 ilMonzm
652 3257 686 3322 in
709 3262 798 3322 tutto
823 3256 846 3321 il
869 3275 926 3321 suo
948 3258 1061 3324 lavoro
1085 3257 1128 3322 lra
1152 3256 1331 3322 esaminato
1347 3257 1489 3322 soltanto
1514 3255 1525 3320 i
1548 3255 1666 3336 singoli

269 3364 421 3430 elementi
451 3363 538 3430 16116
569 3382 670 3445 66666
694 3364 758 3430 eli
790 3364 833 3430 ha
856 3364 981 3430 trovati
1013 3364 1241 3430 isolatamente
1263 3363 1411 3445 ipotetici
1434 3382 1452 3429 e
1475 3362 1591 3428 deboli.
1636 3362 1666 3428 ll

269 3470 356 3536 forae
377 3490 441 3536 non
465 3490 486 3536 a
508 3475 605 3536 torto.
650 3472 707 3536 Ma
730 3471 779 3536 616
803 3472 862 3537 che
885 3474 903 3537 6
927 3472 1013 3537 16616
1043 3490 1108 3537 non
1131 3474 1149 3536 6
1174 3471 1303 3536 ciascun
1328 3476 1517 3553 argomento
1542 3488 1599 3551 per
1622 3471 1666 3553 66,

267 3579 295 3644 61
318 3578 400 3643 bene
423 3577 446 3642 il
470 3577 539 3643 loro
563 3578 746 3660 complesse.
792 3579 829 3643 L’
853 3578 990 3661 apologo
1014 3577 1065 3643 161
1093 3577 1195 3644 166616
1218 3577 1302 3643 16116
1326 3578 1448 3661 verghe
1476 3577 1504 3643 61
1536 3576 1666 3658 6661166

268 3685 371 3750 anche
395 3684 461 3750 alla
484 3684 600 3750 critica
623 3685 751 3750 storica.

232 3866 234 3870 ⁸
357 3792 410 3857 Da
433 3797 546 3872 queste
577 3809 738 3874 premesse
761 3791 876 3858 deriva
899 3793 958 3857 che
986 3792 1016 3857 io
1040 3792 1168 3874 ritengo
1192 3790 1446 3873 66616116666616
1473 3791 1665 3857 6166611661

267 3898 378 3965 Koara
402 3898 435 3963 la
458 3899 734 3980 interpretamenta
760 3897 845 3963 delle
877 3897 1002 3979 pitture
1025 3898 1191 3965 volcienti.
1238 3899 1318 3965 Esse
1342 3904 1599 3980 rappresentano
1622 3917 1665 3963 nn

268 4005 390 4071 assalto
422 4003 509 4070 fatto
533 4008 574 4070 16
598 4003 766 4068 Maalarna
798 4005 836 4070 61
861 4005 899 4070 A.
923 4004 1074 4070 Vibenna
1105 4011 1217 4071 contro
1241 4006 1295 4070 Cn.
1320 4005 1498 4087 Tarquinio
1521 4005 1666 4070 Romano

267 4131 325 4194 per
355 4111 523 4196 togliergli
546 4110 643 4177 Caele
666 4111 817 4176 l'ibenna
841 4114 883 4176 da
910 4111 956 4176 lui
986 4111 1072 4177 tatto
1104 4112 1307 4194 prigioniero.
1353 4112 1382 4178 11
1410 4111 1476 4177 solo
1508 4117 1608 4193 punto
1632 4111 1665 4176 in

268 4219 319 4285 cui
342 4219 482 4285 l’analisi
505 4220 585 4284 data
600 4217 655 4284 dal
671 4218 781 4282 Kome
805 4219 891 4284 vada
915 4223 1059 4284 corretta
1082 4221 1109 4302 6,
1133 4238 1221 4284 come
1243 4219 1287 4284 ha
1310 4222 1423 4284 notato
1446 4219 1666 4301 ginstamente

267 4325 290 4390 il
314 4327 478 4391 Parnasso
501 4325 572 4410 (loc.
597 4324 681 4409 611),
713 4324 828 4390 chela
861 4343 1010 4407 sorpresa
1041 4325 1074 4390 di
1098 4325 1276 4406 Tarquinio
1307 4344 1325 4391 6
1356 4325 1475 4391 de’suoi
1499 4325 1664 4391 evidente·

267 4437 375 4497 mente
406 4450 471 4497 non
502 4434 520 4497 6
551 4434 712 4497 66661616
743 4431 777 4497 16
808 4432 919 4497 Roma.
972 4432 1022 4497 La
1053 4433 1219 4515 maggiore
1250 4432 1527 4515 verisimiglianza
1559 4435 1576 4497 6
1606 4432 1666 4497 che

267 4539 409 4604 l’artiata
432 4538 531 4604 abbia
547 4538 657 4605 voluto
681 4537 948 4620 rappresentarla
971 4557 1059 4604 come
1082 4541 1244 4606 66661616
1265 4543 1391 4604 mentre
1407 4538 1585 4618 Tarquinio
1608 4557 1666 4605 era

268 4649 396 4710 tuttora
417 4645 452 4709 in
475 4663 588 4726 campo
611 4663 629 4709 e
659 4645 832 4711 ritornava
855 4647 897 4710 da
920 4645 1029 4725 quella
1059 4645 1200 4726 impresa
1222 4646 1256 4712 in
1280 4646 1332 4711 cui
1360 4663 1467 4712 aveva
1490 4643 1576 4710 fatto
1600 4645 1664 4727 pri·

266 4751 411 4835 gioniero
434 4751 531 4818 Caele
555 4751 713 4816 Vibenna.
758 4751 927 4834 Riguardo
951 4751 983 4817 ai
1006 4752 1196 4833 particolari
1219 4752 1247 4817 si
1270 4770 1404 4833 possono
1428 4756 1567 4835 tentare,
1590 4771 1609 4818 e
1631 4752 1665 4819 in

267 4863 362 4941 parte
385 4877 462 4924 sono
485 4863 573 4924 61616
606 4863 750 4941 tentate,
781 4858 1051 4940 interpretazioni
1082 4859 1142 4923 che
1164 4876 1205 4923 ne
1228 4859 1372 4923 rendano
1396 4859 1665 4941 completamente

267 4965 409 5048 ragione.
455 4966 491 5031 Io
515 4967 610 5031 credo
642 4965 702 5030 che
732 4965 766 5030 in
790 4967 841 5031 un’
865 4983 965 5046 opera
988 4964 1091 5031 d’arte
1122 4964 1258 5031 convien
1281 4965 1467 5032 rinunciare
1490 4985 1511 5032 a
1534 4966 1665 5049 spiegar

267 5077 363 5138 16116.
409 5073 462 5137 Ao
485 5072 560 5154 ogni
584 5072 675 5136 modo
699 5090 773 5137 ecco
796 5091 839 5136 un
863 5072 978 5154 saggio
1001 5071 1086 5138 delle
1101 5071 1300 5154 spiegazioni
1323 5073 1382 5138 che
1406 5073 1563 5154 potrebbe
1586 5074 1664 5139 dare

267 5179 318 5244 chi
342 5198 405 5245 non
429 5179 457 5244 si
480 5183 635 5244 contenta
666 5178 698 5244 di
722 5184 837 5259 questa
868 5180 1014 5245 modesta
1037 5179 1172 5246 riserva.
1218 5179 1253 5245 Si
1277 5182 1339 5260 puo
1363 5179 1432 5245 dire
1460 5181 1519 5245 che
1542 5179 1589 5263 gli
1613 5198 1663 5245 as·

266 5286 402 5371 solitori,
426 5286 460 5351 in
483 5289 606 5367 quanto
629 5305 687 5352 son
702 5287 789 5369 nudi,
813 5305 961 5370 vengono
982 5285 1229 5352 caratterizzati
1245 5305 1333 5352 come
1356 5287 1582 5353 avventurieri
1605 5288 1664 5353 che

1435 5391 1450 5426 *

949 5470 967 5526 4
1418 5391 1433 5444 7
